@misc{oliveira2023,
author = {Victor Lucas Santos de Oliveira},
title = {Otimização de Projetos de Asas para Aeronaves Subsônicas através de Algoritmos Genéticos},
year = {2023},
howpublished = {\url{https://www.researchgate.net/publication/379332802}},
note = {Acessado em 21 de abril de 2025}
}

@article{hasan2024,
author = {Mehedi Hasan and Stephane Redonnet and Zhongmin D.},
title = {Aerodynamic Optimization of Aircraft Wings Using Machine Learning},
journal = {Advances in Engineering Software},
volume = {200},
pages = {103801},
year = {2024},
doi = {10.1016/j.advengsoft.2024.103801}
}

@article{wu2024,
author = {Wu, Y. and Zuo, H.},
title = {Multi-Fidelity Neural Network-Based Aerodynamic Optimization Framework for Propeller Design in Electric Aircraft},
journal = {Aerospace Science and Technology},
volume = {150},
pages = {108123},
year = {2024},
doi = {10.1016/j.ast.2024.108123}
}

@book{anderson2017fundamentals,
title={Fundamentals of Aerodynamics},
author={Anderson, John D.},
year={2017},
publisher={McGraw-Hill Education}
}

@book{abbott1959theory,
title={Theory of Wing Sections},
author={Abbott, Ira H. and Von Doenhoff, Albert E.},
year={1959},
publisher={Dover Publications}
}

@book{raymer2018aircraft,
title={Aircraft Design: A Conceptual Approach},
author={Raymer, Daniel P.},
year={2018},
publisher={AIAA}
}

@book{goldberg1989genetic,
title={Genetic Algorithms in Search, Optimization, and Machine Learning},
author={Goldberg, David E.},
year={1989},
publisher={Addison-Wesley}
}

@book{back1996evolutionary,
title={Evolutionary Algorithms in Theory and Practice},
author={Bäck, Thomas},
year={1996},
publisher={Oxford University Press}
}

@book{goodfellow2016deep,
title={Deep Learning},
author={Goodfellow, Ian and Bengio, Yoshua and Courville, Aaron},
year={2016},
publisher={MIT Press}
}

@article{drela1989xfoil,
title={XFOIL: An Analysis and Design System for Low Reynolds Number Airfoils},
author={Drela, Mark},
journal={Proceedings of the Conference on Low Reynolds Number Airfoil Aerodynamics},
year={1989},
pages={1--12}
}